<record><leader>00000cas a22000007a 4500</leader><controlfield tag="001">16570420</controlfield><controlfield tag="008">870827d19341969pauwr ne      0    0eng d</controlfield><datafield ind1=" " ind2=" " tag="010"><subfield code="a">sn 87078433 </subfield></datafield><datafield ind1=" " ind2=" " tag="040"><subfield code="a">NPH</subfield><subfield code="b">eng</subfield><subfield code="c">NPH</subfield><subfield code="d">OCLCQ</subfield></datafield><datafield ind1=" " ind2=" " tag="042"><subfield code="a">msc</subfield></datafield><datafield ind1="0" ind2=" " tag="130"><subfield code="a">Manheim sentinel (Manheim, Pa. : 1934)</subfield></datafield><datafield ind1="1" ind2="0" tag="245"><subfield code="a">Manheim sentinel.</subfield></datafield><datafield ind1="1" ind2="3" tag="246"><subfield code="a">Manheim sentinel and Lancaster County advertiser</subfield></datafield><datafield ind1=" " ind2=" " tag="260"><subfield code="a">Manheim, Pa. :</subfield><subfield code="b">H.E. Trout,</subfield><subfield code="c">1934-</subfield></datafield><datafield ind1=" " ind2=" " tag="300"><subfield code="a">v. :</subfield><subfield code="b">ill. ;</subfield><subfield code="c">58 cm.</subfield></datafield><datafield ind1=" " ind2=" " tag="310"><subfield code="a">Weekly</subfield></datafield><datafield ind1="0" ind2=" " tag="362"><subfield code="a">No. 14 (Apr. 5, 1934)-</subfield></datafield><datafield ind1="1" ind2=" " tag="362"><subfield code="a">Ceased in 1969.</subfield></datafield><datafield ind1=" " ind2=" " tag="752"><subfield code="a">United States</subfield><subfield code="b">Pennsylvania</subfield><subfield code="c">Lancaster</subfield><subfield code="d">Manheim.</subfield></datafield><datafield ind1="0" ind2="0" tag="780"><subfield code="t">Manheim sentinel. And Lancaster County advertiser</subfield><subfield code="w">(DLC)sn 84026040</subfield></datafield></record>